[gd_scene load_steps=10 format=2]

[ext_resource path="res://assets/ui/UI.gd" type="Script" id=1]
[ext_resource path="res://assets/ui/dialogue/Dialogue.tscn" type="PackedScene" id=2]
[ext_resource path="res://assets/ui/pause_menu/PauseMenu.gd" type="Script" id=3]
[ext_resource path="res://fonts/VT323-Regular.ttf" type="DynamicFontData" id=4]
[ext_resource path="res://assets/ui/GameOver.gd" type="Script" id=5]

[sub_resource type="DynamicFont" id=1]
size = 200
font_data = ExtResource( 4 )

[sub_resource type="Animation" id=2]
resource_name = "default"
length = 5.0
tracks/0/type = "value"
tracks/0/path = NodePath(".:visible")
tracks/0/interp = 1
tracks/0/loop_wrap = true
tracks/0/imported = false
tracks/0/enabled = true
tracks/0/keys = {
"times": PoolRealArray( 0, 0.1 ),
"transitions": PoolRealArray( 1, 1 ),
"update": 1,
"values": [ false, true ]
}
tracks/1/type = "value"
tracks/1/path = NodePath("ColorRect:color")
tracks/1/interp = 1
tracks/1/loop_wrap = true
tracks/1/imported = false
tracks/1/enabled = true
tracks/1/keys = {
"times": PoolRealArray( 0, 2.5, 5 ),
"transitions": PoolRealArray( 1, 1, 1 ),
"update": 0,
"values": [ Color( 0.113725, 0.113725, 0.113725, 0 ), Color( 0.113725, 0.113725, 0.113725, 1 ), Color( 0.113725, 0.113725, 0.113725, 1 ) ]
}
tracks/2/type = "value"
tracks/2/path = NodePath("Label:modulate")
tracks/2/interp = 1
tracks/2/loop_wrap = true
tracks/2/imported = false
tracks/2/enabled = true
tracks/2/keys = {
"times": PoolRealArray( 0, 1, 5 ),
"transitions": PoolRealArray( 1, 1, 1 ),
"update": 0,
"values": [ Color( 1, 1, 1, 0 ), Color( 1, 1, 1, 1 ), Color( 1, 1, 1, 1 ) ]
}

[sub_resource type="DynamicFont" id=3]
size = 50
font_data = ExtResource( 4 )

[sub_resource type="DynamicFont" id=4]
size = 100
font_data = ExtResource( 4 )

[node name="UI" type="Control"]
pause_mode = 2
anchor_right = 1.0
anchor_bottom = 1.0
mouse_filter = 2
script = ExtResource( 1 )
__meta__ = {
"_edit_use_anchors_": false
}

[node name="Dialogue" parent="." instance=ExtResource( 2 )]
pause_mode = 2
mouse_filter = 2

[node name="GameOver" type="Control" parent="."]
pause_mode = 2
anchor_right = 1.0
anchor_bottom = 1.0
script = ExtResource( 5 )
__meta__ = {
"_edit_use_anchors_": false
}

[node name="Box" type="Control" parent="GameOver"]
visible = false
anchor_right = 1.0
anchor_bottom = 1.0
__meta__ = {
"_edit_use_anchors_": false
}

[node name="ColorRect" type="ColorRect" parent="GameOver/Box"]
modulate = Color( 0.113725, 0.113725, 0.113725, 1 )
anchor_right = 1.0
anchor_bottom = 1.0
color = Color( 0.113725, 0.113725, 0.113725, 1 )
__meta__ = {
"_edit_use_anchors_": false
}

[node name="Label" type="Label" parent="GameOver/Box"]
anchor_right = 1.0
anchor_bottom = 1.0
custom_fonts/font = SubResource( 1 )
text = "You not wake up"
align = 1
valign = 1
__meta__ = {
"_edit_use_anchors_": false
}

[node name="AnimationPlayer" type="AnimationPlayer" parent="GameOver/Box"]
anims/default = SubResource( 2 )

[node name="PauseMenu" type="Control" parent="."]
pause_mode = 2
anchor_right = 1.0
anchor_bottom = 1.0
script = ExtResource( 3 )
__meta__ = {
"_edit_use_anchors_": false
}

[node name="Background" type="ColorRect" parent="PauseMenu"]
visible = false
anchor_right = 1.0
anchor_bottom = 1.0
color = Color( 0.117647, 0.117647, 0.117647, 0.784314 )
__meta__ = {
"_edit_use_anchors_": false
}

[node name="main" type="Control" parent="PauseMenu"]
visible = false
anchor_right = 1.0
anchor_bottom = 1.0
__meta__ = {
"_edit_use_anchors_": false
}

[node name="ButtonGiveUp" type="Button" parent="PauseMenu/main"]
anchor_right = 1.0
anchor_bottom = 1.0
margin_left = 1516.55
margin_top = 72.0349
margin_right = -66.4539
margin_bottom = -886.965
custom_fonts/font = SubResource( 3 )
text = "Give Up"
__meta__ = {
"_edit_use_anchors_": false
}

[node name="confirm_escape" type="Control" parent="PauseMenu"]
visible = false
anchor_right = 1.0
anchor_bottom = 1.0
__meta__ = {
"_edit_use_anchors_": false
}

[node name="Label" type="Label" parent="PauseMenu/confirm_escape"]
anchor_right = 1.0
anchor_bottom = 1.0
margin_bottom = -278.0
custom_fonts/font = SubResource( 4 )
text = "You really want to give up?"
align = 1
valign = 1
__meta__ = {
"_edit_use_anchors_": false
}

[node name="HBoxContainer" type="HBoxContainer" parent="PauseMenu/confirm_escape"]
anchor_left = 0.5
anchor_top = 0.5
anchor_right = 0.5
anchor_bottom = 0.5
margin_left = -596.5
margin_top = -49.0
margin_right = 596.5
margin_bottom = 49.0
custom_constants/separation = 50
__meta__ = {
"_edit_use_anchors_": false
}

[node name="ButtonNo" type="Button" parent="PauseMenu/confirm_escape/HBoxContainer"]
margin_right = 571.0
margin_bottom = 98.0
size_flags_horizontal = 3
size_flags_vertical = 3
custom_fonts/font = SubResource( 3 )
text = "NO!"
__meta__ = {
"_edit_use_anchors_": false
}

[node name="ButtonYes" type="Button" parent="PauseMenu/confirm_escape/HBoxContainer"]
margin_left = 621.0
margin_right = 1193.0
margin_bottom = 98.0
size_flags_horizontal = 3
size_flags_vertical = 3
custom_fonts/font = SubResource( 3 )
text = "yes... it's hard"
__meta__ = {
"_edit_use_anchors_": false
}
[connection signal="pressed" from="PauseMenu/main/ButtonGiveUp" to="PauseMenu" method="_on_ButtonGiveUp_pressed"]
[connection signal="pressed" from="PauseMenu/confirm_escape/HBoxContainer/ButtonNo" to="PauseMenu" method="_on_ButtonNo_pressed"]
[connection signal="pressed" from="PauseMenu/confirm_escape/HBoxContainer/ButtonYes" to="PauseMenu" method="_on_ButtonYes_pressed"]
